% Encoding: UTF-8

@BOOK{MUSTER2000,
  title = {Title},
  publisher = {Publisher},
  year = {2000},
  author = {Autor Musterauthor},
  isbn = {1-23456-789-0},
  owner = {Mustermann},
  price = {$44.95},
  timestamp = {2000.01.01},
  totalpages = {123},
  url = {http://tld.de/book/}
}
